<record><leader>00000cas a22000007a 4500</leader><controlfield tag="001">12188334</controlfield><controlfield tag="008">850622d1908194uhiudx ne      0    0chird</controlfield><datafield ind1=" " ind2=" " tag="010"><subfield code="a">sn 85047150 </subfield></datafield><datafield ind1=" " ind2=" " tag="040"><subfield code="a">HWN</subfield><subfield code="b">eng</subfield><subfield code="c">HWN</subfield><subfield code="d">OCLCQ</subfield><subfield code="d">OCLCF</subfield><subfield code="d">OCLCO</subfield><subfield code="d">OCL</subfield></datafield><datafield ind1=" " ind2=" " tag="066"><subfield code="c">$1</subfield></datafield><datafield ind1=" " ind2=" " tag="042"><subfield code="a">msc</subfield></datafield><datafield ind1=" " ind2=" " tag="043"><subfield code="a">n-us-hi</subfield></datafield><datafield ind1="0" ind2=" " tag="130"><subfield code="a">Liberty news (Honolulu, Hawaii)</subfield></datafield><datafield ind1="0" ind2="4" tag="245"><subfield code="6">880-01</subfield><subfield code="a">The Liberty news =</subfield><subfield code="b">Zi you xin bao.</subfield></datafield><datafield ind1="3" ind2="1" tag="246"><subfield code="6">880-02</subfield><subfield code="a">Zi you xin bao</subfield></datafield><datafield ind1=" " ind2=" " tag="260"><subfield code="a">Honolulu, T.H. :</subfield><subfield code="b">Chee Yow Shin Bo Co.</subfield></datafield><datafield ind1=" " ind2=" " tag="300"><subfield code="a">v. :</subfield><subfield code="b">ill. ;</subfield><subfield code="c">58 cm.</subfield></datafield><datafield ind1=" " ind2=" " tag="310"><subfield code="a">Daily (except Sun. &amp; holidays),</subfield><subfield code="b">1943-</subfield></datafield><datafield ind1=" " ind2=" " tag="321"><subfield code="a">Three issues per wk.,</subfield><subfield code="b">-1942</subfield></datafield><datafield ind1="1" ind2=" " tag="362"><subfield code="a">Founded 1908.</subfield><subfield code="z">Cf. Jan. 1, 1940 issue.</subfield></datafield><datafield ind1=" " ind2=" " tag="500"><subfield code="a">Editor: &lt;1940&gt;- S. Fong.</subfield></datafield><datafield ind1=" " ind2=" " tag="546"><subfield code="a">In Chinese.</subfield></datafield><datafield ind1=" " ind2=" " tag="588"><subfield code="a">Description based on: Vol. 32, no. 4924 (Jan. 1, 1940).</subfield></datafield><datafield ind1=" " ind2="0" tag="651"><subfield code="a">Hawaii</subfield><subfield code="v">Newspapers.</subfield></datafield><datafield ind1=" " ind2="0" tag="650"><subfield code="a">Chinese newspapers</subfield><subfield code="z">Hawaii.</subfield></datafield><datafield ind1=" " ind2="7" tag="650"><subfield code="a">Chinese newspapers.</subfield><subfield code="2">fast</subfield><subfield code="0">(OCoLC)fst00857651</subfield></datafield><datafield ind1=" " ind2="7" tag="651"><subfield code="a">Hawaii.</subfield><subfield code="2">fast</subfield><subfield code="0">(OCoLC)fst01208724</subfield></datafield><datafield ind1=" " ind2="7" tag="655"><subfield code="a">Newspapers.</subfield><subfield code="2">fast</subfield><subfield code="0">(OCoLC)fst01423814</subfield></datafield><datafield ind1="1" ind2=" " tag="700"><subfield code="a">Fong, Song.</subfield></datafield><datafield ind1=" " ind2=" " tag="752"><subfield code="a">United States</subfield><subfield code="b">Hawaii</subfield><subfield code="c">Honolulu</subfield><subfield code="d">Honolulu.</subfield></datafield><datafield ind1="0" ind2="4" tag="880"><subfield code="6">245-01/$1</subfield><subfield code="a">The Liberty news =</subfield><subfield code="b">&#33258;&#30001;&#26032;&#22577;.</subfield></datafield><datafield ind1="3" ind2="1" tag="880"><subfield code="6">246-02/$1</subfield><subfield code="a">&#33258;&#30001;&#26032;&#22577;</subfield></datafield><datafield ind1="1" ind2=" " tag="029"><subfield code="a">AU@</subfield><subfield code="b">000015610783</subfield></datafield></record>